<?xml version="1.0" encoding="UTF-8"?><collection xmlns="http://www.loc.gov/MARC21/slim"><record><leader>00389nam--2200157-i-4500</leader><controlfield tag="001">000033752</controlfield><controlfield tag="002">20161230</controlfield><controlfield tag="005">20170112002223</controlfield><controlfield tag="008">060222s1000------------r-----000-0-eng-d</controlfield><datafield ind1=" " ind2=" " tag="100"><subfield code="a">Nelkon, M</subfield></datafield><datafield ind1=" " ind2=" " tag="245"><subfield code="a">Advanced level physics</subfield></datafield><datafield ind1=" " ind2=" " tag="260"><subfield code="a">Melbourne</subfield><subfield code="b">William Heinemann Ltd</subfield><subfield code="c">1958</subfield></datafield><datafield ind1=" " ind2=" " tag="300"><subfield code="a">X+1057 p.+822 Fig</subfield></datafield><datafield ind1=" " ind2=" " tag="700"><subfield code="a">Parker, P</subfield></datafield><datafield ind1=" " ind2=" " tag="852"><subfield code="a">14042</subfield></datafield><datafield ind1=" " ind2=" " tag="CAT"><subfield code="a">SYS</subfield><subfield code="c">20170112</subfield><subfield code="h">002223</subfield></datafield></record></collection>